% This file was created with JabRef 2.9.2.
% Encoding: UTF8

@INPROCEEDINGS{KasparsBalodis2013,
  author = {Balodis, Kaspars and Beri\c{n}a, Anda and C\={\i}pola, Krist\={\i}ne and Dimitrijevs,
	Maksims and Iraids, J\={a}nis and J\={e}ri\c{n}\v{s}, K\={a}rlis and Kacs, Vladimirs
	and Kal\={e}js, J\={a}nis and Kri\v{s}lauks, Rihards and Luksti\c{n}\v{s}, K\={a}rlis and
	Raumanis, Reinholds and Scegulnaja, Irina and Somova, Nat\={a}lija and
	Vanaga, Anna and Freivalds, R\={u}si\c{n}\v{s}},
  title = {On the State Complexity of Ultrametric Finite Automata},
  booktitle = {SOFSEM 2013: Theory and Practice of Computer Science},
  year = {2013},
  volume = {2},
  pages = {1-9}
}

@ARTICLE{Dragovich2009,
  author = {Dragovich, Branko and Dragovich, Alexandra},
  title = {A p-adic model of dna sequence and genetic code.},
  year = {2009},
  pages = {1(1):34--41},
  journal = {p-Adic Numbers, Ultrametric Analysis, and Applications}
}

@INCOLLECTION{Freivalds1981,
  author = {Freivalds, R\={u}si\c{n}\v{s}},
  editor = {Gruska, Jozef and Chytil, Michal},
  title = {Probabilistic two-way machines},
  booktitle = {Mathematical Foundations of Computer Science 1981},
  year = {1981},
  volume = {118},
  series = {Lecture Notes in Computer Science},
  publisher = {Springer Berlin Heidelberg},
  isbn = {978-3-540-10856-6},
  pages = {33-45},
  doi = {10.1007/3-540-10856-4_72},
  url = {http://dx.doi.org/10.1007/3-540-10856-4_72}
}

@INPROCEEDINGS{Freivalds2012,
  author = {Freivalds, R\={u}si\c{n}\v{s}},
  editor = {Voronkov, Andrei},
  title = {Ultrametric automata and Turing machines},
  booktitle = {Turing-100},
  year = {2012},
  volume = {10},
  series = {EPiC Series},
  publisher = {EasyChair},
  pages = {98-112},
  bibsource = {EasyChair, http://www.easychair.org},
  issn = {2040-557X}
}

@PHDTHESIS{Freivalds1982,
  author = {Freivalds, R\={u}si\c{n}\v{s}},
  title = {Вычесления на вероятностных машинах с ограниченными ресурсами},
  year = {1982}
}

@ARTICLE{Freivalds1979,
  author = {Freivalds, R{\=u}si{\c{n}}{\v{s}}},
  title = {Language recognition using finite probabilistic multitape and multihead
	automata},
  year = {1979},
  volume = {15},
  number = {3},
  pages = {99--106},
  journal = {Problemy Peredachi Informatsii},
  publisher = {Russian Academy of Sciences, Branch of Informatics, Computer Equipment
	and Automatization}
}

@ARTICLE{Gill1977,
  author = {Gill, John},
  title = {Computational Complexity of Probabilistic Turing Machines},
  year = {1977},
  volume = {6},
  number = {4},
  pages = {675-695},
  bibsource = {DBLP, http://dblp.uni-trier.de},
  ee = {http://dx.doi.org/10.1137/0206049},
  journal = {SIAM J. Comput.}
}

@ARTICLE{Holzer2009,
  author = {Holzer, Markus and Kutrib, Martin and Malcher, Andreas},
  title = {Multi-Head Finite Automata: Characterizations, Concepts and Open
	Problems},
  year = {2009},
  volume = {1},
  month = {Jun},
  pages = {93-107},
  doi = {10.4204/EPTCS.1.9},
  url = {http://dx.doi.org/10.4204/EPTCS.1.9},
  file = {:D\:\\Users\\Rihards\\SkyDrive\\Documents\\Studijas\\Bakalaura darbs\\Materiāli\\Multi-Head Finite Automata Characterizations, Concepts.pdf:PDF},
  journal = {Electronic Proceedings in Theoretical Computer Science},
  publisher = {Open Publishing Association}
}

@BOOK{Hopcroft1979,
  author = {John E. Hopcroft and Jeffrey D. Ullman},
  title = {Introduction to Automata Theory, Languages and Computation},
  year = {1979},
  publisher = {Addison-Wesley},
  isbn = {0-201-02988-X},
  bibsource = {DBLP, http://dblp.uni-trier.de}
}

@INPROCEEDINGS{Kozyrev2006,
  author = {Kozyrev, Sergey V.},
  title = {Ultrametric analysis and interbasin kinetics},
  year = {2006},
  publisher = {American Institute of Physics},
  pages = {121--128}
}

@INPROCEEDINGS{Krislauks2013,
  author = {Rihards Kri\v{s}lauks and Ieva Ruk\v{s}\={a}ne and Kaspars Balodis and Ilja Kucevalovs
	and R\={u}si\c{n}\v{s} Freivalds and Ieva N\={a}gele},
  title = {Ultrametric Turing Machines with Limited Reversal Complexity},
  booktitle = {SOFSEM 2013: Theory and Practice of Computer Science},
  year = {2013},
  volume = {2},
  pages = {87-94}
}

@INCOLLECTION{Macarie1995,
  author = {Macarie, IoanI.},
  editor = {Baeza-Yates, Ricardo and Goles, Eric and Poblete, PatricioV.},
  title = {Multihead two-way probabilistic finite automata},
  booktitle = {LATIN '95: Theoretical Informatics},
  year = {1995},
  volume = {911},
  series = {Lecture Notes in Computer Science},
  publisher = {Springer Berlin Heidelberg},
  isbn = {978-3-540-59175-7},
  pages = {371-385},
  doi = {10.1007/3-540-59175-3_103},
  url = {http://dx.doi.org/10.1007/3-540-59175-3_103}
}

@WWW{Madore,
  author = {Madore, David A.},
  title = {A first introduction to p-adic numbers.},
  year = {2000},
  url = {http://www.madore.org/~david/math/padics.pdf},
  howpublished = {Online}
}

@ARTICLE{Monien1980,
  author = {Burkhard Monien},
  title = {Two-Way Multihead Automata Over a One-Letter Alphabet},
  year = {1980},
  volume = {14},
  number = {1},
  pages = {67-82},
  bibsource = {DBLP, http://dblp.uni-trier.de},
  journal = {ITA}
}

@ARTICLE{Turakainen1969,
  author = {Paavo Turakainen},
  title = {Generalized Automata and Stochastic Languages},
  year = {1969},
  volume = {21},
  issue = {2},
  pages = {303--309},
  doi = {10.2307/2036989},
  journal = {Proceedings of The American Mathematical Society},
  masid = {3139454}
}

@ARTICLE{V.S.Vladimirov1995,
  author = {V. S. Vladimirov, I. V. Volovich and E. I. Zelenov.},
  title = {p-Adic Analysis and Mathematical Physics.},
  year = {1995},
  journal = {World Scientific}
}

@INPROCEEDINGS{Yao1978,
  author = {Yao, Andrew C. and Rivest, Ronald L.},
  title = {k + 1 Heads Are Better than k},
  year = {1978},
  volume = {25},
  number = {2},
  publisher = {ACM},
  month = apr,
  pages = {337--340},
  doi = {10.1145/322063.322076},
  url = {http://doi.acm.org/10.1145/322063.322076},
  acmid = {322076},
  address = {New York, NY, USA},
  file = {:D\:\\Users\\Rihards\\SkyDrive\\Documents\\Studijas\\Bakalaura darbs\\Materiāli\\k + 1 Heads Are Better than k.pdf:PDF},
  issn = {0004-5411},
  issue_date = {April 1978},
  journal = {J. ACM},
  numpages = {4}
}

